%
% phd-summary
%
% Licensed under none License
%

@article{evolution_technologies,
    author =       "Jurgen Weyer",
    title =        "{Robustness challenges for technologies 28nm and below in automotive environment}",
    journal =      "10th International Electrostatic Workshop (IEW)",
    year =         "2016"
}

@article{Renault-esd,
    author =       " J. Rivenc and J. Vazquez-Garcia and P. Matossian and B. el Banani and A. Agneray",
    title =        "{An overview of the technical policy developed by Renault to manage ESD risks in airbags}",
    journal =      "Industry Applications Conference, 2004. 39th IAS Annual Meeting. Conference Record of the 2004 IEEE",
    year =         "2004",
    DOI =          "10.1109/IAS.2004.1348580"
}

@article{impactESDsemiconductors,
    author =       "B. A. Unger",
    title =        "{Electrostatic Discharge Failures of Semiconductor Devices}",
    journal =      "Reliability Physics Symposium, 1981. 19th Annual",
    pages =        "193-199",
    year =         "1981",
    DOI =          "10.1109/IRPS.1981.362995"
}

@misc{car-architecture,
  title = {Example of electronic architecture in automotive},
  howpublished = {\url{http://www.conti-engineering.de/www/engineering_services_de_de/themes/hybrid_electric_vehicle/systemintegration_und_fahrversuch_de.html}},
  note = {Accessed: 2017-01-19}
}
